@article{Samuelson2016,
  author    = {Larry Samuelson},
  title     = {Game Theory in Economics and Beyond},
  journal   = {Journal of Economic Perspectives},
  year      = {2016},
  volume    = {30},
  number    = {4},
  pages     = {107--130},
  doi       = {10.1257/jep.30.4.107},
  issn      = {0895-3309},
  url       = {https://www.aeaweb.org/articles?id=10.1257/jep.30.4.107}
}

@inproceedings{Herman2005,
  author    = {M. Herman and P. Oblozinsky and R. Capote and M. Sin and A. Trkov and A. Ventura and V. Zerkin},
  title     = {Recent developments of the nuclear reaction code EMPIRE},
  booktitle = {Proceedings of the International Conference on Nuclear Data for Science and Technology},
  editor    = {R.C. Haight and M.B. Chadwick and T. Kawano and P. Talou},
  pages     = {1184},
  year      = {2005},
  address   = {Santa Fe, New Mexico, USA},
  publisher = {American Institute of Physics},
  url       = {https://www.aip.org},
  note      = {Conference held: September 26 - October 1, 2004, New York, USA}
}

@phdthesis{Zhang2020,
  author       = {Hao Zhang},
  title        = {Game-Theoretical Approaches To Financial Market And Quantum Game Analysis},
  school       = {University of Leicester},
  year         = {2020},
  url          = {http://hdl.handle.net/10.25392/leicester.data.12666857.v1},
  note         = {Accessed: 2022-03-10},
  keywords     = {Game theory, decision-making process, pricing models, quantum Flipping Game}
}

@online{NYT2025,
  author    = {The New York Times},
  title     = {Trump-Zelensky Exchange Signals Break in Alliance},
  year      = {2025},
  url       = {https://www.nytimes.com/live/2025/02/28/us/trump-news},
  note      = {Accessed: 2025-02-28}
}

@book{Owen2013,
  author    = {Guillermo Owen},
  title     = {Game Theory},
  publisher = {Academic Press},
  year      = {2013},
  address   = {Amsterdam},
  edition   = {3rd},
  isbn      = {9780124079331}
}

@incollection{Hemingway1952,
  author    = {Ernest Hemingway},
  title     = {Chapter 3},
  booktitle = {The Old Man and the Sea},
  publisher = {Charles Scribner's Sons},
  year      = {1952},
  pages     = {29--40},  % Adjust page numbers if necessary
  location  = {New York}
}

@online{GolfDigest2023,
  author    = {Golf Digest},
  title     = {The Smart Scoring Hack Pros Use on Drivable Par 4s | The Game Plan},
  year      = {2023},
  url       = {https://www.youtube.com/watch?v=sP_Vniqo8tM},
  note      = {Accessed: 2025-02-28}
}

@misc{PythonDocs2021,
  author = {Python Software Foundation},
  title = {Python 3.9 Documentation},
  year = {2021},
  url = {https://docs.python.org/3/},
  note = {Accessed: 2025-02-28}
}

